@article{MPS-main,
title = "The density-matrix renormalization group in the age of matrix product states",
author = "Ulrich Schollw√∂ck",
journal = "Annals of Physics",
volume = "326",
number = "1",
pages = "96 - 192",
year = "2011",
note = "January 2011 Special Issue",
issn = "0003-4916",
doi = "http://dx.doi.org/10.1016/j.aop.2010.09.012",
url = "http://www.sciencedirect.com/science/article/pii/S0003491610001752",
}

@article{sMPS,
  title = {Stochastic Matrix Product States},
  author = {Temme, Kristan and Verstraete, Frank},
  journal = {Phys. Rev. Lett.},
  volume = {104},
  issue = {21},
  pages = {210502},
  numpages = {4},
  year = {2010},
  month = {May},
  publisher = {American Physical Society},
  doi = {10.1103/PhysRevLett.104.210502},
  url = {https://link.aps.org/doi/10.1103/PhysRevLett.104.210502}
}


@article{ASEP,
  author={B Derrida and M R Evans and V Hakim and V Pasquier},
  title={Exact solution of a 1D asymmetric exclusion model using a matrix formulation},
  journal={Journal of Physics A: Mathematical and General},
  volume={26},
  number={7},
  pages={1493},
  url={http://stacks.iop.org/0305-4470/26/i=7/a=011},
  year={1993},
}


@article{MPS-vs-sMPS,
  title = {Dynamical simulations of classical stochastic systems using matrix product states},
  author = {Johnson, T. H. and Clark, S. R. and Jaksch, D.},
  journal = {Phys. Rev. E},
  volume = {82},
  issue = {3},
  pages = {036702},
  numpages = {16},
  year = {2010},
  month = {Sep},
  publisher = {American Physical Society},
  doi = {10.1103/PhysRevE.82.036702},
  url = {https://link.aps.org/doi/10.1103/PhysRevE.82.036702}
}

@article{MPS_error,
  title = {Matrix product states represent ground states faithfully},
  author = {Verstraete, F. and Cirac, J. I.},
  journal = {Phys. Rev. B},
  volume = {73},
  issue = {9},
  pages = {094423},
  numpages = {8},
  year = {2006},
  month = {Mar},
  publisher = {American Physical Society},
  doi = {10.1103/PhysRevB.73.094423},
  url = {https://link.aps.org/doi/10.1103/PhysRevB.73.094423}
}

@Article{ASEP_Update,
author="Rajewsky, N. and Santen, L. and Schadschneider, A. and Schreckenberg, M.",
title="The Asymmetric Exclusion Process: Comparison of Update Procedures",
journal="Journal of Statistical Physics",
year="1998",
month="Jul",
day="01",
volume="92",
number="1",
pages="151--194",
issn="1572-9613",
doi="10.1023/A:1023047703307",
url="https://doi.org/10.1023/A:1023047703307"
}


  	
@article{Entropy,
  author={Jaegon Um and Hyunggyu Park and Haye Hinrichsen},
  title={Entanglement versus mutual information in quantum spin chains},
  journal={Journal of Statistical Mechanics: Theory and Experiment},
  volume={2012},
  number={10},
  pages={P10026},
  url={http://stacks.iop.org/1742-5468/2012/i=10/a=P10026},
  year={2012},
}
	